@article{giulio2016,
   Author="Di Giulio, M. ",
   Title="{{A}n {A}utotrophic {O}rigin for the {C}oded {A}mino {A}cids is {C}oncordant with the {C}oevolution {T}heory of the {G}enetic {C}ode}",
   Journal="J. Mol. Evol.",
   Year="2016",
   Volume="83",
   Number="3-4",
   Pages="93--96",
   Month="Oct"
}
% 21236001 
@Article{giulio1992,
   Author="Di Giulio, M. ",
   Title="{{O}n the origin of the genetic code}",
   Journal="Trends Ecol. Evol. (Amst.)",
   Year="1992",
   Volume="7",
   Number="6",
   Pages="176--178",
   Month="Jun"
}

